%YAML 1.1
%TAG !u! tag:unity3d.com,2011:
--- !u!29 &1
OcclusionCullingSettings:
  m_ObjectHideFlags: 0
  serializedVersion: 2
  m_OcclusionBakeSettings:
    smallestOccluder: 5
    smallestHole: 0.25
    backfaceThreshold: 100
  m_SceneGUID: 00000000000000000000000000000000
  m_OcclusionCullingData: {fileID: 0}
--- !u!104 &2
RenderSettings:
  m_ObjectHideFlags: 0
  serializedVersion: 8
  m_Fog: 0
  m_FogColor: {r: 0.5, g: 0.5, b: 0.5, a: 1}
  m_FogMode: 3
  m_FogDensity: 0.01
  m_LinearFogStart: 0
  m_LinearFogEnd: 300
  m_AmbientSkyColor: {r: 0.212, g: 0.227, b: 0.259, a: 1}
  m_AmbientEquatorColor: {r: 0.114, g: 0.125, b: 0.133, a: 1}
  m_AmbientGroundColor: {r: 0.047, g: 0.043, b: 0.035, a: 1}
  m_AmbientIntensity: 1
  m_AmbientMode: 0
  m_SubtractiveShadowColor: {r: 0.42, g: 0.478, b: 0.627, a: 1}
  m_SkyboxMaterial: {fileID: 10304, guid: 0000000000000000f000000000000000, type: 0}
  m_HaloStrength: 0.5
  m_FlareStrength: 1
  m_FlareFadeSpeed: 3
  m_HaloTexture: {fileID: 0}
  m_SpotCookie: {fileID: 10001, guid: 0000000000000000e000000000000000, type: 0}
  m_DefaultReflectionMode: 0
  m_DefaultReflectionResolution: 128
  m_ReflectionBounces: 1
  m_ReflectionIntensity: 1
  m_CustomReflection: {fileID: 0}
  m_Sun: {fileID: 0}
  m_IndirectSpecularColor: {r: 0.44657868, g: 0.49641263, b: 0.57481706, a: 1}
--- !u!157 &3
LightmapSettings:
  m_ObjectHideFlags: 0
  serializedVersion: 11
  m_GIWorkflowMode: 0
  m_GISettings:
    serializedVersion: 2
    m_BounceScale: 1
    m_IndirectOutputScale: 1
    m_AlbedoBoost: 1
    m_TemporalCoherenceThreshold: 1
    m_EnvironmentLightingMode: 0
    m_EnableBakedLightmaps: 1
    m_EnableRealtimeLightmaps: 1
  m_LightmapEditorSettings:
    serializedVersion: 9
    m_Resolution: 2
    m_BakeResolution: 40
    m_TextureWidth: 1024
    m_TextureHeight: 1024
    m_AO: 0
    m_AOMaxDistance: 1
    m_CompAOExponent: 1
    m_CompAOExponentDirect: 0
    m_Padding: 2
    m_LightmapParameters: {fileID: 0}
    m_LightmapsBakeMode: 1
    m_TextureCompression: 1
    m_FinalGather: 0
    m_FinalGatherFiltering: 1
    m_FinalGatherRayCount: 256
    m_ReflectionCompression: 2
    m_MixedBakeMode: 2
    m_BakeBackend: 0
    m_PVRSampling: 1
    m_PVRDirectSampleCount: 32
    m_PVRSampleCount: 500
    m_PVRBounces: 2
    m_PVRFilterTypeDirect: 0
    m_PVRFilterTypeIndirect: 0
    m_PVRFilterTypeAO: 0
    m_PVRFilteringMode: 1
    m_PVRCulling: 1
    m_PVRFilteringGaussRadiusDirect: 1
    m_PVRFilteringGaussRadiusIndirect: 5
    m_PVRFilteringGaussRadiusAO: 2
    m_PVRFilteringAtrousPositionSigmaDirect: 0.5
    m_PVRFilteringAtrousPositionSigmaIndirect: 2
    m_PVRFilteringAtrousPositionSigmaAO: 1
    m_ShowResolutionOverlay: 1
  m_LightingDataAsset: {fileID: 0}
  m_UseShadowmask: 1
--- !u!196 &4
NavMeshSettings:
  serializedVersion: 2
  m_ObjectHideFlags: 0
  m_BuildSettings:
    serializedVersion: 2
    agentTypeID: 0
    agentRadius: 0.5
    agentHeight: 2
    agentSlope: 45
    agentClimb: 0.4
    ledgeDropHeight: 0
    maxJumpAcrossDistance: 0
    minRegionArea: 2
    manualCellSize: 0
    cellSize: 0.16666667
    manualTileSize: 0
    tileSize: 256
    accuratePlacement: 0
    debug:
      m_Flags: 0
  m_NavMeshData: {fileID: 0}
--- !u!1001 &9952837
Prefab:
  m_ObjectHideFlags: 0
  serializedVersion: 2
  m_Modification:
    m_TransformParent: {fileID: 0}
    m_Modifications:
    - target: {fileID: 4352107439761122, guid: 6b7bbdf6a241f8a46a9e39a70567d829, type: 2}
      propertyPath: m_LocalPosition.x
      value: 0
      objectReference: {fileID: 0}
    - target: {fileID: 4352107439761122, guid: 6b7bbdf6a241f8a46a9e39a70567d829, type: 2}
      propertyPath: m_LocalPosition.y
      value: 0
      objectReference: {fileID: 0}
    - target: {fileID: 4352107439761122, guid: 6b7bbdf6a241f8a46a9e39a70567d829, type: 2}
      propertyPath: m_LocalPosition.z
      value: 0
      objectReference: {fileID: 0}
    - target: {fileID: 4352107439761122, guid: 6b7bbdf6a241f8a46a9e39a70567d829, type: 2}
      propertyPath: m_LocalRotation.x
      value: 0
      objectReference: {fileID: 0}
    - target: {fileID: 4352107439761122, guid: 6b7bbdf6a241f8a46a9e39a70567d829, type: 2}
      propertyPath: m_LocalRotation.y
      value: 0
      objectReference: {fileID: 0}
    - target: {fileID: 4352107439761122, guid: 6b7bbdf6a241f8a46a9e39a70567d829, type: 2}
      propertyPath: m_LocalRotation.z
      value: 0
      objectReference: {fileID: 0}
    - target: {fileID: 4352107439761122, guid: 6b7bbdf6a241f8a46a9e39a70567d829, type: 2}
      propertyPath: m_LocalRotation.w
      value: 1
      objectReference: {fileID: 0}
    - target: {fileID: 4352107439761122, guid: 6b7bbdf6a241f8a46a9e39a70567d829, type: 2}
      propertyPath: m_RootOrder
      value: 1
      objectReference: {fileID: 0}
    - target: {fileID: 4254765843096710, guid: 6b7bbdf6a241f8a46a9e39a70567d829, type: 2}
      propertyPath: m_LocalScale.x
      value: 47.16861
      objectReference: {fileID: 0}
    - target: {fileID: 4254765843096710, guid: 6b7bbdf6a241f8a46a9e39a70567d829, type: 2}
      propertyPath: m_LocalScale.y
      value: 3.2530077
      objectReference: {fileID: 0}
    - target: {fileID: 4254765843096710, guid: 6b7bbdf6a241f8a46a9e39a70567d829, type: 2}
      propertyPath: m_LocalScale.z
      value: 47.16861
      objectReference: {fileID: 0}
    - target: {fileID: 65320972298168428, guid: 6b7bbdf6a241f8a46a9e39a70567d829,
        type: 2}
      propertyPath: m_Enabled
      value: 1
      objectReference: {fileID: 0}
    - target: {fileID: 65190320205424312, guid: 6b7bbdf6a241f8a46a9e39a70567d829,
        type: 2}
      propertyPath: m_Enabled
      value: 1
      objectReference: {fileID: 0}
    - target: {fileID: 65776686616420084, guid: 6b7bbdf6a241f8a46a9e39a70567d829,
        type: 2}
      propertyPath: m_Enabled
      value: 1
      objectReference: {fileID: 0}
    - target: {fileID: 65109264222959422, guid: 6b7bbdf6a241f8a46a9e39a70567d829,
        type: 2}
      propertyPath: m_Enabled
      value: 1
      objectReference: {fileID: 0}
    - target: {fileID: 4276131564604638, guid: 6b7bbdf6a241f8a46a9e39a70567d829, type: 2}
      propertyPath: m_LocalPosition.z
      value: -116.4
      objectReference: {fileID: 0}
    - target: {fileID: 4551240639588142, guid: 6b7bbdf6a241f8a46a9e39a70567d829, type: 2}
      propertyPath: m_LocalScale.z
      value: 233.46
      objectReference: {fileID: 0}
    - target: {fileID: 4033385495941258, guid: 6b7bbdf6a241f8a46a9e39a70567d829, type: 2}
      propertyPath: m_LocalScale.z
      value: 233.46
      objectReference: {fileID: 0}
    - target: {fileID: 4033385495941258, guid: 6b7bbdf6a241f8a46a9e39a70567d829, type: 2}
      propertyPath: m_LocalPosition.z
      value: -28
      objectReference: {fileID: 0}
    - target: {fileID: 4551240639588142, guid: 6b7bbdf6a241f8a46a9e39a70567d829, type: 2}
      propertyPath: m_LocalPosition.z
      value: -28
      objectReference: {fileID: 0}
    - target: {fileID: 4551240639588142, guid: 6b7bbdf6a241f8a46a9e39a70567d829, type: 2}
      propertyPath: m_LocalScale.y
      value: 154.4
      objectReference: {fileID: 0}
    - target: {fileID: 4276131564604638, guid: 6b7bbdf6a241f8a46a9e39a70567d829, type: 2}
      propertyPath: m_LocalScale.y
      value: 154.4
      objectReference: {fileID: 0}
    - target: {fileID: 4033385495941258, guid: 6b7bbdf6a241f8a46a9e39a70567d829, type: 2}
      propertyPath: m_LocalScale.y
      value: 154.4
      objectReference: {fileID: 0}
    - target: {fileID: 4641451534034358, guid: 6b7bbdf6a241f8a46a9e39a70567d829, type: 2}
      propertyPath: m_LocalScale.y
      value: 154.4
      objectReference: {fileID: 0}
    m_RemovedComponents: []
  m_ParentPrefab: {fileID: 100100000, guid: 6b7bbdf6a241f8a46a9e39a70567d829, type: 2}
  m_IsPrefabParent: 0
--- !u!1001 &112969155
Prefab:
  m_ObjectHideFlags: 0
  serializedVersion: 2
  m_Modification:
    m_TransformParent: {fileID: 0}
    m_Modifications:
    - target: {fileID: 4305155443815902, guid: f02b254d58cc34f49a523fcfceb5f8ee, type: 2}
      propertyPath: m_LocalPosition.x
      value: 0
      objectReference: {fileID: 0}
    - target: {fileID: 4305155443815902, guid: f02b254d58cc34f49a523fcfceb5f8ee, type: 2}
      propertyPath: m_LocalPosition.y
      value: 8.3
      objectReference: {fileID: 0}
    - target: {fileID: 4305155443815902, guid: f02b254d58cc34f49a523fcfceb5f8ee, type: 2}
      propertyPath: m_LocalPosition.z
      value: -48.8
      objectReference: {fileID: 0}
    - target: {fileID: 4305155443815902, guid: f02b254d58cc34f49a523fcfceb5f8ee, type: 2}
      propertyPath: m_LocalRotation.x
      value: -0
      objectReference: {fileID: 0}
    - target: {fileID: 4305155443815902, guid: f02b254d58cc34f49a523fcfceb5f8ee, type: 2}
      propertyPath: m_LocalRotation.y
      value: -0
      objectReference: {fileID: 0}
    - target: {fileID: 4305155443815902, guid: f02b254d58cc34f49a523fcfceb5f8ee, type: 2}
      propertyPath: m_LocalRotation.z
      value: -0
      objectReference: {fileID: 0}
    - target: {fileID: 4305155443815902, guid: f02b254d58cc34f49a523fcfceb5f8ee, type: 2}
      propertyPath: m_LocalRotation.w
      value: 1
      objectReference: {fileID: 0}
    - target: {fileID: 4305155443815902, guid: f02b254d58cc34f49a523fcfceb5f8ee, type: 2}
      propertyPath: m_RootOrder
      value: 5
      objectReference: {fileID: 0}
    m_RemovedComponents: []
  m_ParentPrefab: {fileID: 100100000, guid: f02b254d58cc34f49a523fcfceb5f8ee, type: 2}
  m_IsPrefabParent: 0
--- !u!1001 &301550232
Prefab:
  m_ObjectHideFlags: 0
  serializedVersion: 2
  m_Modification:
    m_TransformParent: {fileID: 0}
    m_Modifications:
    - target: {fileID: 4817965294825264, guid: 3f27672e991e2a14f96abdf1cb4b3e9b, type: 2}
      propertyPath: m_LocalPosition.x
      value: 0
      objectReference: {fileID: 0}
    - target: {fileID: 4817965294825264, guid: 3f27672e991e2a14f96abdf1cb4b3e9b, type: 2}
      propertyPath: m_LocalPosition.y
      value: 0
      objectReference: {fileID: 0}
    - target: {fileID: 4817965294825264, guid: 3f27672e991e2a14f96abdf1cb4b3e9b, type: 2}
      propertyPath: m_LocalPosition.z
      value: 0
      objectReference: {fileID: 0}
    - target: {fileID: 4817965294825264, guid: 3f27672e991e2a14f96abdf1cb4b3e9b, type: 2}
      propertyPath: m_LocalRotation.x
      value: 0
      objectReference: {fileID: 0}
    - target: {fileID: 4817965294825264, guid: 3f27672e991e2a14f96abdf1cb4b3e9b, type: 2}
      propertyPath: m_LocalRotation.y
      value: 0
      objectReference: {fileID: 0}
    - target: {fileID: 4817965294825264, guid: 3f27672e991e2a14f96abdf1cb4b3e9b, type: 2}
      propertyPath: m_LocalRotation.z
      value: 0
      objectReference: {fileID: 0}
    - target: {fileID: 4817965294825264, guid: 3f27672e991e2a14f96abdf1cb4b3e9b, type: 2}
      propertyPath: m_LocalRotation.w
      value: 1
      objectReference: {fileID: 0}
    - target: {fileID: 4817965294825264, guid: 3f27672e991e2a14f96abdf1cb4b3e9b, type: 2}
      propertyPath: m_RootOrder
      value: 7
      objectReference: {fileID: 0}
    - target: {fileID: 65497512835932974, guid: 3f27672e991e2a14f96abdf1cb4b3e9b,
        type: 2}
      propertyPath: m_Enabled
      value: 0
      objectReference: {fileID: 0}
    - target: {fileID: 65047790337139288, guid: 3f27672e991e2a14f96abdf1cb4b3e9b,
        type: 2}
      propertyPath: m_Enabled
      value: 0
      objectReference: {fileID: 0}
    - target: {fileID: 65661043755501728, guid: 3f27672e991e2a14f96abdf1cb4b3e9b,
        type: 2}
      propertyPath: m_Enabled
      value: 0
      objectReference: {fileID: 0}
    - target: {fileID: 65057706533525016, guid: 3f27672e991e2a14f96abdf1cb4b3e9b,
        type: 2}
      propertyPath: m_Enabled
      value: 0
      objectReference: {fileID: 0}
    m_RemovedComponents: []
  m_ParentPrefab: {fileID: 100100000, guid: 3f27672e991e2a14f96abdf1cb4b3e9b, type: 2}
  m_IsPrefabParent: 0
--- !u!1001 &464335056
Prefab:
  m_ObjectHideFlags: 0
  serializedVersion: 2
  m_Modification:
    m_TransformParent: {fileID: 0}
    m_Modifications:
    - target: {fileID: 224810993849770382, guid: 9302e13dc2d75df46b8c1e7303afd63d,
        type: 2}
      propertyPath: m_LocalPosition.x
      value: 0
      objectReference: {fileID: 0}
    - target: {fileID: 224810993849770382, guid: 9302e13dc2d75df46b8c1e7303afd63d,
        type: 2}
      propertyPath: m_LocalPosition.y
      value: 0
      objectReference: {fileID: 0}
    - target: {fileID: 224810993849770382, guid: 9302e13dc2d75df46b8c1e7303afd63d,
        type: 2}
      propertyPath: m_LocalPosition.z
      value: 0
      objectReference: {fileID: 0}
    - target: {fileID: 224810993849770382, guid: 9302e13dc2d75df46b8c1e7303afd63d,
        type: 2}
      propertyPath: m_LocalRotation.x
      value: 0
      objectReference: {fileID: 0}
    - target: {fileID: 224810993849770382, guid: 9302e13dc2d75df46b8c1e7303afd63d,
        type: 2}
      propertyPath: m_LocalRotation.y
      value: 0
      objectReference: {fileID: 0}
    - target: {fileID: 224810993849770382, guid: 9302e13dc2d75df46b8c1e7303afd63d,
        type: 2}
      propertyPath: m_LocalRotation.z
      value: 0
      objectReference: {fileID: 0}
    - target: {fileID: 224810993849770382, guid: 9302e13dc2d75df46b8c1e7303afd63d,
        type: 2}
      propertyPath: m_LocalRotation.w
      value: 1
      objectReference: {fileID: 0}
    - target: {fileID: 224810993849770382, guid: 9302e13dc2d75df46b8c1e7303afd63d,
        type: 2}
      propertyPath: m_RootOrder
      value: 4
      objectReference: {fileID: 0}
    - target: {fileID: 224810993849770382, guid: 9302e13dc2d75df46b8c1e7303afd63d,
        type: 2}
      propertyPath: m_AnchoredPosition.x
      value: 0
      objectReference: {fileID: 0}
    - target: {fileID: 224810993849770382, guid: 9302e13dc2d75df46b8c1e7303afd63d,
        type: 2}
      propertyPath: m_AnchoredPosition.y
      value: 0
      objectReference: {fileID: 0}
    - target: {fileID: 224810993849770382, guid: 9302e13dc2d75df46b8c1e7303afd63d,
        type: 2}
      propertyPath: m_SizeDelta.x
      value: 0
      objectReference: {fileID: 0}
    - target: {fileID: 224810993849770382, guid: 9302e13dc2d75df46b8c1e7303afd63d,
        type: 2}
      propertyPath: m_SizeDelta.y
      value: 0
      objectReference: {fileID: 0}
    - target: {fileID: 224810993849770382, guid: 9302e13dc2d75df46b8c1e7303afd63d,
        type: 2}
      propertyPath: m_AnchorMin.x
      value: 0
      objectReference: {fileID: 0}
    - target: {fileID: 224810993849770382, guid: 9302e13dc2d75df46b8c1e7303afd63d,
        type: 2}
      propertyPath: m_AnchorMin.y
      value: 0
      objectReference: {fileID: 0}
    - target: {fileID: 224810993849770382, guid: 9302e13dc2d75df46b8c1e7303afd63d,
        type: 2}
      propertyPath: m_AnchorMax.x
      value: 0
      objectReference: {fileID: 0}
    - target: {fileID: 224810993849770382, guid: 9302e13dc2d75df46b8c1e7303afd63d,
        type: 2}
      propertyPath: m_AnchorMax.y
      value: 0
      objectReference: {fileID: 0}
    - target: {fileID: 224810993849770382, guid: 9302e13dc2d75df46b8c1e7303afd63d,
        type: 2}
      propertyPath: m_Pivot.x
      value: 0
      objectReference: {fileID: 0}
    - target: {fileID: 224810993849770382, guid: 9302e13dc2d75df46b8c1e7303afd63d,
        type: 2}
      propertyPath: m_Pivot.y
      value: 0
      objectReference: {fileID: 0}
    - target: {fileID: 224810993849770382, guid: 9302e13dc2d75df46b8c1e7303afd63d,
        type: 2}
      propertyPath: m_LocalScale.x
      value: 0
      objectReference: {fileID: 0}
    - target: {fileID: 224810993849770382, guid: 9302e13dc2d75df46b8c1e7303afd63d,
        type: 2}
      propertyPath: m_LocalScale.y
      value: 0
      objectReference: {fileID: 0}
    - target: {fileID: 224810993849770382, guid: 9302e13dc2d75df46b8c1e7303afd63d,
        type: 2}
      propertyPath: m_LocalScale.z
      value: 0
      objectReference: {fileID: 0}
    m_RemovedComponents: []
  m_ParentPrefab: {fileID: 100100000, guid: 9302e13dc2d75df46b8c1e7303afd63d, type: 2}
  m_IsPrefabParent: 0
--- !u!1 &810695849
GameObject:
  m_ObjectHideFlags: 0
  m_PrefabParentObject: {fileID: 0}
  m_PrefabInternal: {fileID: 0}
  serializedVersion: 5
  m_Component:
  - component: {fileID: 810695851}
  - component: {fileID: 810695850}
  m_Layer: 0
  m_Name: Directional Light
  m_TagString: Untagged
  m_Icon: {fileID: 0}
  m_NavMeshLayer: 0
  m_StaticEditorFlags: 0
  m_IsActive: 1
--- !u!108 &810695850
Light:
  m_ObjectHideFlags: 0
  m_PrefabParentObject: {fileID: 0}
  m_PrefabInternal: {fileID: 0}
  m_GameObject: {fileID: 810695849}
  m_Enabled: 1
  serializedVersion: 8
  m_Type: 1
  m_Color: {r: 1, g: 0.95686275, b: 0.8392157, a: 1}
  m_Intensity: 1
  m_Range: 10
  m_SpotAngle: 30
  m_CookieSize: 10
  m_Shadows:
    m_Type: 2
    m_Resolution: -1
    m_CustomResolution: -1
    m_Strength: 1
    m_Bias: 0.05
    m_NormalBias: 0.4
    m_NearPlane: 0.2
  m_Cookie: {fileID: 0}
  m_DrawHalo: 0
  m_Flare: {fileID: 0}
  m_RenderMode: 0
  m_CullingMask:
    serializedVersion: 2
    m_Bits: 4294967295
  m_Lightmapping: 4
  m_AreaSize: {x: 1, y: 1}
  m_BounceIntensity: 1
  m_ColorTemperature: 6570
  m_UseColorTemperature: 0
  m_ShadowRadius: 0
  m_ShadowAngle: 0
--- !u!4 &810695851
Transform:
  m_ObjectHideFlags: 0
  m_PrefabParentObject: {fileID: 0}
  m_PrefabInternal: {fileID: 0}
  m_GameObject: {fileID: 810695849}
  m_LocalRotation: {x: 0.40821788, y: -0.23456968, z: 0.10938163, w: 0.8754261}
  m_LocalPosition: {x: 0, y: 3, z: 0}
  m_LocalScale: {x: 1, y: 1, z: 1}
  m_Children: []
  m_Father: {fileID: 0}
  m_RootOrder: 2
  m_LocalEulerAnglesHint: {x: 50, y: -30, z: 0}
--- !u!1 &826846942 stripped
GameObject:
  m_PrefabParentObject: {fileID: 1730958301727974, guid: 3f27672e991e2a14f96abdf1cb4b3e9b,
    type: 2}
  m_PrefabInternal: {fileID: 301550232}
--- !u!1001 &1114895443
Prefab:
  m_ObjectHideFlags: 0
  serializedVersion: 2
  m_Modification:
    m_TransformParent: {fileID: 0}
    m_Modifications:
    - target: {fileID: 4296613072714068, guid: 302338e50e78e924ca95a0d10220b006, type: 2}
      propertyPath: m_LocalPosition.x
      value: 0
      objectReference: {fileID: 0}
    - target: {fileID: 4296613072714068, guid: 302338e50e78e924ca95a0d10220b006, type: 2}
      propertyPath: m_LocalPosition.y
      value: 0
      objectReference: {fileID: 0}
    - target: {fileID: 4296613072714068, guid: 302338e50e78e924ca95a0d10220b006, type: 2}
      propertyPath: m_LocalPosition.z
      value: 0
      objectReference: {fileID: 0}
    - target: {fileID: 4296613072714068, guid: 302338e50e78e924ca95a0d10220b006, type: 2}
      propertyPath: m_LocalRotation.x
      value: 0
      objectReference: {fileID: 0}
    - target: {fileID: 4296613072714068, guid: 302338e50e78e924ca95a0d10220b006, type: 2}
      propertyPath: m_LocalRotation.y
      value: 0
      objectReference: {fileID: 0}
    - target: {fileID: 4296613072714068, guid: 302338e50e78e924ca95a0d10220b006, type: 2}
      propertyPath: m_LocalRotation.z
      value: 0
      objectReference: {fileID: 0}
    - target: {fileID: 4296613072714068, guid: 302338e50e78e924ca95a0d10220b006, type: 2}
      propertyPath: m_LocalRotation.w
      value: 1
      objectReference: {fileID: 0}
    - target: {fileID: 4296613072714068, guid: 302338e50e78e924ca95a0d10220b006, type: 2}
      propertyPath: m_RootOrder
      value: 3
      objectReference: {fileID: 0}
    m_RemovedComponents: []
  m_ParentPrefab: {fileID: 100100000, guid: 302338e50e78e924ca95a0d10220b006, type: 2}
  m_IsPrefabParent: 0
--- !u!1 &1409566382
GameObject:
  m_ObjectHideFlags: 0
  m_PrefabParentObject: {fileID: 0}
  m_PrefabInternal: {fileID: 0}
  serializedVersion: 5
  m_Component:
  - component: {fileID: 1409566386}
  - component: {fileID: 1409566385}
  - component: {fileID: 1409566384}
  - component: {fileID: 1409566383}
  m_Layer: 0
  m_Name: Main Camera
  m_TagString: MainCamera
  m_Icon: {fileID: 0}
  m_NavMeshLayer: 0
  m_StaticEditorFlags: 0
  m_IsActive: 1
--- !u!81 &1409566383
AudioListener:
  m_ObjectHideFlags: 0
  m_PrefabParentObject: {fileID: 0}
  m_PrefabInternal: {fileID: 0}
  m_GameObject: {fileID: 1409566382}
  m_Enabled: 1
--- !u!124 &1409566384
Behaviour:
  m_ObjectHideFlags: 0
  m_PrefabParentObject: {fileID: 0}
  m_PrefabInternal: {fileID: 0}
  m_GameObject: {fileID: 1409566382}
  m_Enabled: 1
--- !u!20 &1409566385
Camera:
  m_ObjectHideFlags: 0
  m_PrefabParentObject: {fileID: 0}
  m_PrefabInternal: {fileID: 0}
  m_GameObject: {fileID: 1409566382}
  m_Enabled: 1
  serializedVersion: 2
  m_ClearFlags: 1
  m_BackGroundColor: {r: 0.19215687, g: 0.3019608, b: 0.4745098, a: 0}
  m_NormalizedViewPortRect:
    serializedVersion: 2
    x: 0
    y: 0
    width: 1
    height: 1
  near clip plane: 0.3
  far clip plane: 1000
  field of view: 60
  orthographic: 0
  orthographic size: 5
  m_Depth: -1
  m_CullingMask:
    serializedVersion: 2
    m_Bits: 4294967295
  m_RenderingPath: -1
  m_TargetTexture: {fileID: 0}
  m_TargetDisplay: 0
  m_TargetEye: 3
  m_HDR: 1
  m_AllowMSAA: 1
  m_ForceIntoRT: 0
  m_OcclusionCulling: 1
  m_StereoConvergence: 10
  m_StereoSeparation: 0.022
--- !u!4 &1409566386
Transform:
  m_ObjectHideFlags: 0
  m_PrefabParentObject: {fileID: 0}
  m_PrefabInternal: {fileID: 0}
  m_GameObject: {fileID: 1409566382}
  m_LocalRotation: {x: 0.45396832, y: -0, z: -0, w: 0.89101785}
  m_LocalPosition: {x: 0, y: 97, z: -129.5}
  m_LocalScale: {x: 1, y: 1, z: 1}
  m_Children: []
  m_Father: {fileID: 0}
  m_RootOrder: 0
  m_LocalEulerAnglesHint: {x: 53.997, y: 0, z: 0}
--- !u!1001 &1537251319
Prefab:
  m_ObjectHideFlags: 0
  serializedVersion: 2
  m_Modification:
    m_TransformParent: {fileID: 0}
    m_Modifications:
    - target: {fileID: 4303956289238538, guid: e215027ea2a49b447ab49896da07a507, type: 2}
      propertyPath: m_LocalPosition.x
      value: 0.2
      objectReference: {fileID: 0}
    - target: {fileID: 4303956289238538, guid: e215027ea2a49b447ab49896da07a507, type: 2}
      propertyPath: m_LocalPosition.y
      value: 3.6
      objectReference: {fileID: 0}
    - target: {fileID: 4303956289238538, guid: e215027ea2a49b447ab49896da07a507, type: 2}
      propertyPath: m_LocalPosition.z
      value: -101.5
      objectReference: {fileID: 0}
    - target: {fileID: 4303956289238538, guid: e215027ea2a49b447ab49896da07a507, type: 2}
      propertyPath: m_LocalRotation.x
      value: -0
      objectReference: {fileID: 0}
    - target: {fileID: 4303956289238538, guid: e215027ea2a49b447ab49896da07a507, type: 2}
      propertyPath: m_LocalRotation.y
      value: -0
      objectReference: {fileID: 0}
    - target: {fileID: 4303956289238538, guid: e215027ea2a49b447ab49896da07a507, type: 2}
      propertyPath: m_LocalRotation.z
      value: -0
      objectReference: {fileID: 0}
    - target: {fileID: 4303956289238538, guid: e215027ea2a49b447ab49896da07a507, type: 2}
      propertyPath: m_LocalRotation.w
      value: 1
      objectReference: {fileID: 0}
    - target: {fileID: 4303956289238538, guid: e215027ea2a49b447ab49896da07a507, type: 2}
      propertyPath: m_RootOrder
      value: 6
      objectReference: {fileID: 0}
    - target: {fileID: 114597152865173526, guid: e215027ea2a49b447ab49896da07a507,
        type: 2}
      propertyPath: TargetCam
      value: 
      objectReference: {fileID: 1409566385}
    - target: {fileID: 114345940418658830, guid: e215027ea2a49b447ab49896da07a507,
        type: 2}
      propertyPath: walls
      value: 
      objectReference: {fileID: 826846942}
    - target: {fileID: 114909915834023760, guid: e215027ea2a49b447ab49896da07a507,
        type: 2}
      propertyPath: HitStopCamera
      value: 
      objectReference: {fileID: 1409566385}
    m_RemovedComponents: []
  m_ParentPrefab: {fileID: 100100000, guid: e215027ea2a49b447ab49896da07a507, type: 2}
  m_IsPrefabParent: 0
